@article{Babai,
  author    = {L{\'{a}}szl{\'{o}} Babai},
  title     = {{Graph Isomorphism in Quasipolynomial Time}},
  journal   = {CoRR},
  volume    = {abs/1512.03547},
  year      = {2015},
  url       = {http://arxiv.org/abs/1512.03547},
  archivePrefix = {arXiv},
  eprint    = {1512.03547},
  timestamp = {Mon, 13 Aug 2018 16:48:19 +0200},
  biburl    = {https://dblp.org/rec/journals/corr/Babai15.bib},
  bibsource = {dblp computer science bibliography, https://dblp.org}
}

@article{McKay,
  author    = {Brendan D. McKay and Adolfo Piperno},
  title     = {{Practical Graph Isomorphism, II}},
  journal   = {Journal of Symbolic Computation},
  volume    = {60},
  year      = {2014},
  pages		= {94-112},
  language	= {english},
  hyphenation={english},
  doi		= {https://doi.org/10.1016/j.jsc.2013.09.003}
}

@article{McKay1,
  author    = {Brendan D. McKay},
  title     = {{Practical Graph Isomorphism}},
  journal   = {Congressus Numerantium},
  volume    = {30},
  year      = {1981},
  pages		= {45-87},
  language	= {english}
}

@article{Piperno,
  author    = {Adolfo Piperno},
  title     = {{Search Space Contraction in Canonical Labeling of Graphs}},
  journal   = {CoRR},
  volume    = {abs/0804.4881},
  year      = {2008},
  url       = {http://arxiv.org/abs/0804.4881},
  archivePrefix = {arXiv},
  eprint    = {0804.4881},
  timestamp = {Mon, 13 Aug 2018 16:46:32 +0200},
  biburl    = {https://dblp.org/rec/journals/corr/abs-0804-4881.bib},
  bibsource = {dblp computer science bibliography, https://dblp.org}
}

@InProceedings{Bliss,
  author =    {Tommi Junttila and Petteri Kaski},
  title =     {Engineering an efficient canonical labeling tool for
               large and sparse graphs},
  booktitle = {Proceedings of the Ninth Workshop on Algorithm Engineering
               and Experiments and
               the Fourth Workshop on Analytic Algorithms and
               Combinatorics},
  pages =     {135--149},
  year =      {2007},
  editor =    {David Applegate and Gerth St{\o}lting Brodal and
               Daniel Panario and Robert Sedgewick},
  OPTaddress =   {New Orleans, LA},
  OPTmonth =     {January 6},
  publisher =  {SIAM},
  OPTpublisher = {Society for Industrial and Applied Mathematics},
}

@article{Conauto,
  author    = {Jos{\'{e}} Luis L{\'{o}}pez{-}Presa and
               Antonio Fern{\'{a}}ndez Anta and
               Luis N{\'{u}}{\~{n}}ez Chiroque},
  title     = {{Conauto-2.0: Fast Isomorphism Testing and Automorphism Group Computation}},
  journal   = {CoRR},
  volume    = {abs/1108.1060},
  year      = {2011},
  url       = {http://arxiv.org/abs/1108.1060},
  archivePrefix = {arXiv},
  eprint    = {1108.1060},
  timestamp = {Mon, 13 Aug 2018 16:46:36 +0200},
  biburl    = {https://dblp.org/rec/journals/corr/abs-1108-1060.bib},
  bibsource = {dblp computer science bibliography, https://dblp.org}
}

@inproceedings{Saucy,
author = {Paolo Codenotti and Hadi Katebi and Karem Sakallah and Igor Markov},
year = {2013},
month = {11},
pages = {907-914},
title = {{Conflict Analysis and Branching Heuristics in the Search for Graph Automorphisms}},
doi = {10.1109/ICTAI.2013.139}
}

@article{Benchmark,
  author    = {Daniel Neuen and Pascal Schweitzer},
  title     = {{Benchmark Graphs for Practical Graph Isomorphism}},
  journal   = {CoRR},
  volume    = {abs/1705.03686},
  year      = {2017},
  url       = {http://arxiv.org/abs/1705.03686},
  archivePrefix = {arXiv},
  eprint    = {1705.03686},
  timestamp = {Mon, 13 Aug 2018 16:48:16 +0200},
  biburl    = {https://dblp.org/rec/journals/corr/NeuenS17a.bib},
  bibsource = {dblp computer science bibliography, https://dblp.org}
}

@article{CFI,
  author    = {Jin-Yi Cai and Martin Fürer and Neil Immerman},
  title     = {An optimal lower bound on the number of variables for graph identification},
  journal   = {Combinatorica},
  volume    = {12},
  year      = {1992},
  pages		= {389-410},
  doi		= {https://doi.org/10.1007/BF01305232}
}

@inproceedings{Miyazaki,
  author	= {Takunari Miyazaki},
  title		= {{The complexity of McKay's canonical labeling algorithm}},
  booktitle	= {Groups and Computation},
  year		= {1995},
  doi		= {https://doi.org/10.1090/dimacs%2F028%2F14}
}

@book{Seress,
  author	= {Ákos Seress},
  title		= {Permutation Group Algorithms},
  place		= {Cambridge},
  series	= {Cambridge Tracts in Mathematics},
  doi		= {10.1017/CBO9780511546549},
  publisher	= {Cambridge University Press},
  year		= {2003},
  collection= {Cambridge Tracts in Mathematics}
}



